@article{asgari_continuous_2019,
  title={Continuous reference intervals for 38 biochemical markers in healthy children and adolescents: comparisons to traditionally partitioned reference intervals},
  author={Asgari, Shervin and Higgins, Victoria and McCudden, Christopher and Adeli, Khosrow},
  journal={Clinical biochemistry},
  volume={73},
  pages={82--89},
  year={2019},
  publisher={Elsevier}
}

@article{quantreg1,
author = {Vito M.R. Muggeo and Federico Torretta and Paul H. C. Eilers and Mariangela Sciandra and Massimo Attanasio},
title ={Multiple smoothing parameters selection in additive regression quantiles},
journal = {Statistical Modelling},
volume = {0},
number = {0},
pages = {1471082X20929802},
year = {0},
doi = {10.1177/1471082X20929802},

URL = { 
        https://doi.org/10.1177/1471082X20929802
    
},
eprint = { 
        https://doi.org/10.1177/1471082X20929802
    
}
,
    abstract = { We propose an iterative algorithm to select the smoothing parameters in additive quantile regression, wherein the functional forms of the covariate effects are unspecified and expressed via B-spline bases with difference penalties on the spline coefficients. The proposed algorithm relies on viewing the penalized coefficients as random effects from the symmetric Laplace distribution, and it turns out to be very efficient and particularly attractive with multiple smooth terms. Through simulations we compare our proposal with some alternative approaches, including the traditional ones based on minimization of the Schwarz Information Criterion. A real-data analysis is presented to illustrate the method in practice. }
}

@article{quantreg2,
  title={Estimating growth charts via nonparametric quantile regression: a practical framework with application in ecology},
  author={Muggeo, Vito MR and Sciandra, Mariangela and Tomasello, Agostino and Calvo, Sebastiano},
  journal={Environmental and ecological statistics},
  volume={20},
  number={4},
  pages={519--531},
  year={2013},
  publisher={Springer}
}

@article{soldin2009pediatric,
  title={Pediatric reference intervals for aldosterone, 17$\alpha$-hydroxyprogesterone, dehydroepiandrosterone, testosterone and 25-hydroxy vitamin D3 using tandem mass spectrometry},
  author={Soldin, Offie P and Sharma, Hirsh and Husted, Lucas and Soldin, Steven J},
  journal={Clinical biochemistry},
  volume={42},
  number={9},
  pages={823--827},
  year={2009},
  publisher={Elsevier}
}

@article{konforte2013complex,
  title={Complex biological pattern of fertility hormones in children and adolescents: a study of healthy children from the CALIPER cohort and establishment of pediatric reference intervals},
  author={Konforte, Danijela and Shea, Jennifer L and Kyriakopoulou, Lianna and Colantonio, David and Cohen, Ashley H and Shaw, Julie and Bailey, Dana and Chan, Man Khun and Armbruster, David and Adeli, Khosrow},
  journal={Clinical chemistry},
  volume={59},
  number={8},
  pages={1215--1227},
  year={2013},
  publisher={Oxford University Press}
}

@article{greaves2015hormone,
  title={Hormone modeling in preterm neonates: establishment of pituitary and steroid hormone reference intervals},
  author={Greaves, Ronda F and Pitkin, Janne and Ho, Chung Shun and Baglin, James and Hunt, Rodney W and Zacharin, Margaret R},
  journal={The Journal of Clinical Endocrinology \& Metabolism},
  volume={100},
  number={3},
  pages={1097--1103},
  year={2015},
  publisher={Oxford University Press}
}

@article{kulle2010novel,
  title={A novel ultrapressure liquid chromatography tandem mass spectrometry method for the simultaneous determination of androstenedione, testosterone, and dihydrotestosterone in pediatric blood samples: age-and sex-specific reference data},
  author={Kulle, AE and Riepe, Felix G{\"u}nther and Melchior, Diethild and Hiort, Olaf and Holterhus, PM},
  journal={The Journal of Clinical Endocrinology \& Metabolism},
  volume={95},
  number={5},
  pages={2399--2409},
  year={2010},
  publisher={Oxford University Press}
}

@article{kushnir2010liquid,
  title={Liquid chromatography--tandem mass spectrometry assay for androstenedione, dehydroepiandrosterone, and testosterone with pediatric and adult reference intervals},
  author={Kushnir, Mark M and Blamires, Takara and Rockwood, Alan L and Roberts, William L and Yue, Bingfang and Erdogan, Evrim and Bunker, Ashley M and Meikle, A Wayne},
  journal={Clinical chemistry},
  volume={56},
  number={7},
  pages={1138--1147},
  year={2010},
  publisher={Oxford University Press}
}

@article{bae2019reference,
  title={Reference intervals of nine steroid hormones over the life-span analyzed by LC-MS/MS: Effect of age, gender, puberty, and oral contraceptives},
  author={Bae, Yoon Ju and Zeidler, Robert and Baber, Ronny and Vogel, Mandy and Wirkner, Kerstin and Loeffler, Markus and Ceglarek, Uta and Kiess, Wieland and K{\"o}rner, Antje and Thiery, Joachim and others},
  journal={The Journal of steroid biochemistry and molecular biology},
  volume={193},
  pages={105409},
  year={2019},
  publisher={Elsevier}
}

@article{kyriakopoulou2013sensitive,
  title={A sensitive and rapid mass spectrometric method for the simultaneous measurement of eight steroid hormones and CALIPER pediatric reference intervals},
  author={Kyriakopoulou, L and Yazdanpanah, M and Colantonio, DA and Chan, MK and Daly, CH and Adeli, K},
  journal={Clinical biochemistry},
  volume={46},
  number={7-8},
  pages={642--651},
  year={2013},
  publisher={Elsevier}
}

@article{frederiksen2020sex,
  title={Sex-specific estrogen levels and reference intervals from infancy to late adulthood determined by LC-MS/MS},
  author={Frederiksen, Hanne and Johannsen, Trine Holm and Andersen, Stine Ehlern and Albrethsen, Jakob and Landersoe, Selma Kl{\o}ve and Petersen, J{\o}rgen Holm and Andersen, Anders Nyboe and Vestergaard, Esben Thyssen and Schorring, Mia Elbek and Linneberg, Allan and others},
  journal={The Journal of Clinical Endocrinology \& Metabolism},
  volume={105},
  number={3},
  pages={754--768},
  year={2020},
  publisher={Oxford University Press US}
}

@article{healy1974notes,
  title={Notes on the statistics of growth standards},
  author={Healy, MJR},
  journal={Annals of Human Biology},
  volume={1},
  number={1},
  pages={41--46},
  year={1974},
  publisher={Taylor \& Francis}
}


@article{cole1992smoothing,
  title={Smoothing reference centile curves: the LMS method and penalized likelihood},
  author={Cole, Timothy J and Green, Pamela J},
  journal={Statistics in medicine},
  volume={11},
  number={10},
  pages={1305--1319},
  year={1992},
  publisher={Wiley Online Library}
}

@article{royston1994regression,
  title={Regression using fractional polynomials of continuous covariates: parsimonious parametric modelling},
  author={Royston, Patrick and Altman, Douglas G},
  journal={Journal of the Royal Statistical Society: Series C (Applied Statistics)},
  volume={43},
  number={3},
  pages={429--453},
  year={1994},
  publisher={Wiley Online Library}
}

@article{rigby2005generalized,
  title={Generalized additive models for location, scale and shape},
  author={Rigby, Robert A and Stasinopoulos, D Mikis},
  journal={Journal of the Royal Statistical Society: Series C (Applied Statistics)},
  volume={54},
  number={3},
  pages={507--554},
  year={2005},
  publisher={Wiley Online Library}
}

@book{koenker_2005,
    place={Cambridge},
    series={Econometric Society Monographs},
    title={Quantile Regression},
    DOI={10.1017/CBO9780511754098},
    publisher={Cambridge University Press},
    author={Koenker, Roger},
    year={2005},
    collection={Econometric Society Monographs}
}

@article{muggeo2013estimating,
  title={Estimating growth charts via nonparametric quantile regression: a practical framework with application in ecology},
  author={Muggeo, Vito MR and Sciandra, Mariangela and Tomasello, Agostino and Calvo, Sebastiano},
  journal={Environmental and ecological statistics},
  volume={20},
  number={4},
  pages={519--531},
  year={2013},
  publisher={Springer}
}

@article{muggeo2020multiple,
  title={Multiple smoothing parameters selection in additive regression quantiles},
  author={Muggeo, Vito MR and Torretta, Federico and Eilers, Paul HC and Sciandra, Mariangela and Attanasio, Massimo},
  journal={Statistical Modelling},
  pages={1471082X20929802},
  year={2020},
  publisher={SAGE Publications Sage India: New Delhi, India}
}


@misc{quantreggrowth,
author = {Muggeo, Vito MR},
title = {quantregGrowth: Growth Charts via Smooth Regression Quantiles with Automatic Smoothness Estimation and Additive Terms},
year = {2021 (accessed July 7, 2021)}, 
howpublished = "\url{https://cran.r-project.org/web/packages/quantregGrowth/index.html}"}

@article{french2019comparison,
  title={Comparison of four clinically validated testosterone LC-MS/MS assays: Harmonization is an attainable goal},
  author={French, Deborah and Drees, Julia and Stone, Judith A and Holmes, Daniel T and van der Gugten, J Grace},
  journal={Clinical Mass Spectrometry},
  volume={11},
  pages={12--20},
  year={2019},
  publisher={Elsevier}
}

@article{french2013development,
  title={Development and validation of a serum total testosterone liquid chromatography--tandem mass spectrometry (LC--MS/MS) assay calibrated to NIST SRM 971},
  author={French, Deborah},
  journal={Clinica Chimica Acta},
  volume={415},
  pages={109--117},
  year={2013},
  publisher={Elsevier}
}

@article{de2006calculation,
  title={Calculation of bioavailable and free testosterone in men: a comparison of 5 published algorithms},
  author={De Ronde, Willem and Van Der Schouw, Yvonne T and Pols, Huibert AP and Gooren, Louis JG and Muller, Majon and Grobbee, Diederick E and De Jong, Frank H},
  journal={Clinical Chemistry},
  volume={52},
  number={9},
  pages={1777--1784},
  year={2006},
  publisher={Oxford University Press}
}

@article{forest1973evidence,
  title={Evidence of testicular activity in early infancy},
  author={Forest, Maguelone G and Cathiard, Anne M and Bertrand, Jean A},
  journal={The Journal of Clinical Endocrinology \& Metabolism},
  volume={37},
  number={1},
  pages={148--151},
  year={1973},
  publisher={Oxford University Press}
}

@article{holmes2019widespread,
  title={Widespread incorrect implementation of the Hoffmann method, the correct approach, and modern alternatives},
  author={Holmes, Daniel T and Buhr, Kevin A},
  journal={American journal of clinical pathology},
  volume={151},
  number={3},
  pages={328--336},
  year={2019},
  publisher={Oxford University Press US}
}

@article{zec2012reference,
  title={Reference intervals for reproductive hormones in prepubertal children on the automated Roche cobas e 411 analyzer},
  author={Zec, Ivana and Ku{\v{c}}ak, Ivana and Beg{\v{c}}evi{\'c}, Ilijana and {\v{S}}imundi{\'c}, Ana-Maria and Ti{\v{s}}lari{\'c}-Medenjak, Dubravka and Megla, {\v{Z}}eljka Bukovec and Vrki{\'c}, Nada},
  journal={Clinical biochemistry},
  volume={45},
  number={15},
  pages={1206--1212},
  year={2012},
  publisher={Elsevier}
}

@article{bohn2019paediatric,
  title={Paediatric reference intervals for 17 Roche cobas 8000 e602 immunoassays in the CALIPER cohort of healthy children and adolescents},
  author={Bohn, Mary Kathryn and Higgins, Victoria and Asgari, Shervin and Leung, Felix and Hoffman, Barry and Macri, Joseph and Adeli, Khosrow},
  journal={Clinical Chemistry and Laboratory Medicine (CCLM)},
  volume={57},
  number={12},
  pages={1968--1979},
  year={2019},
  publisher={De Gruyter}
}

@article{raizman2015pediatric,
  title={Pediatric reference intervals for calculated free testosterone, bioavailable testosterone and free androgen index in the CALIPER cohort},
  author={Raizman, Joshua E and Quinn, Frank and Armbruster, David A and Adeli, Khosrow},
  journal={Clinical Chemistry and Laboratory Medicine (CCLM)},
  volume={53},
  number={10},
  pages={e239--e243},
  year={2015},
  publisher={De Gruyter}
}

@misc{shiny,
    title = {shiny: Web Application Framework for {R}},
    author = {Winston Chang and Joe Cheng and JJ Allaire and Carson Sievert and Barret Schloerke and Yihui Xie and Jeff Allen and Jonathan McPherson and Alan Dipert and Barbara Borges},
    year = {2021},
    note = {R package version 1.6.0},
    url = {https://CRAN.R-project.org/package=shiny},
  }

@article{gislefoss2009stability,
  title={Stability of selected serum proteins after long-term storage in the Janus Serum Bank},
  author={Gislefoss, Randi E and Grimsrud, Tom K and M{\o}rkrid, Lars},
  journal={Clinical chemistry and laboratory medicine},
  volume={47},
  number={5},
  pages={596--603},
  year={2009},
  publisher={Walter de Gruyter}
}

@article{handelsman2020circulating,
  title={Circulating sex steroid measurements of men by mass spectrometry are highly reproducible after prolonged frozen storage},
  author={Handelsman, DJ and Desai, R and Seibel, MJ and Le Couteur, DG and Cumming, RG},
  journal={The Journal of steroid biochemistry and molecular biology},
  volume={197},
  pages={105528},
  year={2020},
  publisher={Elsevier}
}

@incollection{hardin2003sandwich,
  title={The sandwich estimate of variance},
  author={Hardin, James W},
  booktitle={Maximum likelihood estimation of misspecified models: Twenty years later},
  year={2003},
  publisher={Emerald Group Publishing Limited}
}

@article{lockitch1988age,
  title={Age-and sex-specific pediatric reference intervals for biochemistry analytes as measured with the Ektachem-700 analyzer.},
  author={Lockitch, G and Halstead, AC and Albersheim, S and MacCallum, C and Quigley, G},
  journal={Clinical chemistry},
  volume={34},
  number={8},
  pages={1622--1625},
  year={1988},
  publisher={Oxford University Press}
}

@article{vermeulen1971apparent,
  title={The apparent free testosterone concentration, an index of androgenicity},
  author={Vermeulen, A and Stoica, T and Verdonck, L},
  journal={The Journal of Clinical Endocrinology \& Metabolism},
  volume={33},
  number={5},
  pages={759--767},
  year={1971},
  publisher={Oxford University Press}
}

@Manual{renvpackage,
  title = {renv: Project Environments},
  author = {Kevin Ushey},
  year = {2021},
  note = {R package version 0.14.0},
  url = {https://CRAN.R-project.org/package=renv},
}
